<?xml version="1.0" encoding="UTF-8"?><record xmlns="http://www.loc.gov/MARC21/slim" xmlns:cinclude="http://apache.org/cocoon/include/1.0" xmlns:zs="http://www.loc.gov/zing/srw/">
  <leader>00437nz  a2200133n  4500</leader>
  <controlfield tag="001">nr 95025494 </controlfield>
  <controlfield tag="003">DLC</controlfield>
  <controlfield tag="005">19950715061431.8</controlfield>
  <controlfield tag="008">950713n| acannaab|          |a aaa     c</controlfield>
  <datafield tag="010" ind1=" " ind2=" ">
    <subfield code="a">nr 95025494 </subfield>
  </datafield>
  <datafield tag="040" ind1=" " ind2=" ">
    <subfield code="a">NjP</subfield>
    <subfield code="c">NjP</subfield>
  </datafield>
  <datafield tag="100" ind1="1" ind2="0">
    <subfield code="a">Hillebrand, E.</subfield>
    <subfield code="q">(Eva)</subfield>
  </datafield>
  <datafield tag="400" ind1="1" ind2="0">
    <subfield code="a">Hillebrand, Eva</subfield>
  </datafield>
  <datafield tag="670" ind1=" " ind2=" ">
    <subfield code="a">Genetic algorithms in optimisation, simulation, and modelling, 1994:</subfield>
    <subfield code="b">t.p. (E. Hillebrand) p. vi (Eva Hillebrand, Brainware GmbH [Berlin, Germany])</subfield>
  </datafield>
</record>